@book{2016ingo,
  title={{\textbf{!!!CHECK THIS!!!} Wolkenkamera VIVOTEK FE8174V}},
  author={Lange, Ingo},
  year={2016},
  publisher={{Meteorologisches Institut, Universit√§t Hamburg}}
}

